@article{lecun1995convolutional,
	title={Convolutional networks for images, speech, and time series},
	author={LeCun, Yann and Bengio, Yoshua and others},
	journal={The handbook of brain theory and neural networks},
	volume={3361},
	number={10},
	pages={1995},
	year={1995},
	publisher={Cambridge, MA USA}
}

@article{zhu2021widgetrecog,
	title={Gui widget detection and intent generation via image understanding},
	author={Zhu, Penghua and Li, Ying and Li, Tongyu and Yang, Wei and Xu, Yihan},
	journal={IEEE Access},
	volume={9},
	pages={160697--160707},
	year={2021},
	publisher={IEEE}
}

@inproceedings{white:WidgetDetection:ISSTA:2019,
	title={Improving random GUI testing with image-based widget detection},
	author={White, Thomas D and Fraser, Gordon and Brown, Guy J},
	booktitle={Proceedings of the 28th ACM SIGSOFT International Symposium on Software Testing and Analysis},
	pages={307--317},
	year={2019}
}

@article{howard:mobilenets:arxiv:2017,
	title={Mobilenets: Efficient convolutional neural networks for mobile vision applications},
	author={Howard, Andrew G and Zhu, Menglong and Chen, Bo and Kalenichenko, Dmitry and Wang, Weijun and Weyand, Tobias and Andreetto, Marco and Adam, Hartwig},
	journal={arXiv preprint arXiv:1704.04861},
	year={2017}
}

@inproceedings{szegedy:inception:CVPR:2015,
	title={Going deeper with convolutions},
	author={Szegedy, Christian and Liu, Wei and Jia, Yangqing and Sermanet, Pierre and Reed, Scott and Anguelov, Dragomir and Erhan, Dumitru and Vanhoucke, Vincent and Rabinovich, Andrew},
	booktitle={Proceedings of the IEEE conference on computer vision and pattern recognition},
	pages={1--9},
	year={2015}
}

@inproceedings{he:ResNet:CVPR:2016,
	title={Deep residual learning for image recognition},
	author={He, Kaiming and Zhang, Xiangyu and Ren, Shaoqing and Sun, Jian},
	booktitle={Proceedings of the IEEE conference on computer vision and pattern recognition},
	pages={770--778},
	year={2016}
}

@inproceedings{wang:prompt:FSE:2023,
	author = {Wang, Chaozheng and Yang, Yuanhang and Gao, Cuiyun and Peng, Yun and Zhang, Hongyu and Lyu, Michael R.},
	title = {No more fine-tuning? an experimental evaluation of prompt tuning in code intelligence},
	year = {2022},
	isbn = {9781450394130},
	publisher = {Association for Computing Machinery},
	address = {New York, NY, USA},
	url = {https://doi.org/10.1145/3540250.3549113},
	booktitle = {Proceedings of the 30th ACM Joint European Software Engineering Conference and Symposium on the Foundations of Software Engineering},
	pages = {382–394},
	numpages = {13},
	keywords = {prompt tuning, empirical study, code intelligence},
	location = {<conf-loc>, <city>Singapore</city>, <country>Singapore</country>, </conf-loc>},
	series = {ESEC/FSE 2022}
}

@INPROCEEDINGS{Zimmermann:GPT3GUITest:2023:ICSTW,
	author={Zimmermann, Daniel and Koziolek, Anne},
	booktitle={2023 IEEE International Conference on Software Testing, Verification and Validation Workshops (ICSTW)}, 
	title={Automating GUI-based Software Testing with GPT-3}, 
	year={2023},
	volume={},
	number={},
	pages={62-65},
	doi={10.1109/ICSTW58534.2023.00022}}

@inproceedings{liu:GUIInputLLM:ICSE:2023,
	title={Fill in the blank: Context-aware automated text input generation for mobile gui testing},
	author={Liu, Zhe and Chen, Chunyang and Wang, Junjie and Che, Xing and Huang, Yuekai and Hu, Jun and Wang, Qing},
	booktitle={2023 IEEE/ACM 45th International Conference on Software Engineering (ICSE)},
	pages={1355--1367},
	year={2023},
	organization={IEEE}
}

@article{raffel:T5:MLR:2020,
	author = {Raffel, Colin and Shazeer, Noam and Roberts, Adam and Lee, Katherine and Narang, Sharan and Matena, Michael and Zhou, Yanqi and Li, Wei and Liu, Peter J.},
	title = {Exploring the limits of transfer learning with a unified text-to-text transformer},
	year = {2020},
	issue_date = {January 2020},
	publisher = {JMLR.org},
	volume = {21},
	number = {1},
	issn = {1532-4435},
	journal = {J. Mach. Learn. Res.},
	month = {jan},
	articleno = {140},
	numpages = {67},
	keywords = {deep learning, attention based models, multi-task learning, natural language processing, transfer learning}
}

@article{touvron:llama:arxive:2023,
	title={Llama: Open and efficient foundation language models},
	author={Touvron, Hugo and Lavril, Thibaut and Izacard, Gautier and Martinet, Xavier and Lachaux, Marie-Anne and Lacroix, Timoth{\'e}e and Rozi{\`e}re, Baptiste and Goyal, Naman and Hambro, Eric and Azhar, Faisal and others},
	journal={arXiv preprint arXiv:2302.13971},
	year={2023}
}

@INPROCEEDINGS{Pandey:TransDPR:EMSE:2023,
	author={Pandey, Sushant Kumar and Staron, Miroslaw and Horkoff, Jennifer and Ochodek, Mirosław and Mucci, Nicholas and Durisic, Darko},
	booktitle={2023 ACM/IEEE International Symposium on Empirical Software Engineering and Measurement (ESEM)}, 
	title={TransDPR: Design Pattern Recognition Using Programming Language Models}, 
	year={2023},
	volume={},
	number={},
	pages={1-7},
	keywords={Computer languages;Social networking (online);Source coding;Semantics;Prototypes;Transformers;Pattern recognition;Design patterns recognition;Programming language models;NLP;Machine learning;Deep learning},
	doi={10.1109/ESEM56168.2023.10304862}}
